2875 4925
637 314 756 475 gs
808 314 915 431 ⁶„
1003 408 1006 413 .
1200 430 1206 456 ,

326 552 442 611 aureos
465 518 739 647 quinquaginta}
759 516 1022 631 cantabrigia
1039 518 1153 606 edidit
1170 521 1334 607 Ludol-

319 668 422 797 phu's
439 681 633 793 Kusterus,
653 680 722 763 vir
737 680 886 763 Graeca
904 680 1044 791 liuguae
1057 662 1331 792 peritifflmus,

246 946 249 953 Ι
324 862 364 923 et
381 841 560 945 ᾸοὲἶνίνιιτΙ
583 857 621 921 et
644 839 786 957 ingenii
807 838 915 921 laude
940 839 1194 923 celeberrimus
1206 879 1220 939 3
1252 812 1333 951 {ui

324 998 510 1109 egregiam
524 1000 622 1109 sesne
639 1014 786 1107 operam
802 997 918 1107 nosiro
937 999 1223 1111 Lexicograpbo
1241 1027 1327 1081 na-

322 1148 458 1251 uavit,
485 1176 524 1237 et
550 1152 723 1261 mojorem
737 1156 822 1257 stne
844 1155 956 1240 -duu'o
984 1157 1168 1269 nauaset,
1182 1158 1228 1264 st
1244 1172 1330 1267 per

326 1310 516 1423 augustias
542 1313 714 1430 temporis
748 1314 840 1395 licui
862 1332 913 1396 et.
971 1312 1190 1424 Festmobot
1225 1277 1333 1395 enim

328 1500 400 1580 uon
419 1473 515 1554 lente
539 1472 606 1553 uir
633 1471 858 1581 dooiiffimus.
909 1472 1039 1577 Qare
1057 1472 1156 1554 nihii
1169 1472 1330 1567 mirum,

313 1632 359 1737 st
374 1628 413 1709 in
426 1630 609 1738 nonnullis
622 1630 743 1711 minus
756 1634 987 1741 accuratese
999 1596 1165 1741 goffrit.
1216 1630 1329 1740 Kus-

329 1787 408 1869 teri
430 1804 556 1870 autem
585 1805 692 1870 notos
725 1786 786 1867 hic
812 1787 889 1867 illic
923 1786 1010 1869 meis
1041 1785 1184 1905 instrui
1195 1824 1210 1884 3
1252 1814 1328 1895 quo

322 1945 436 2055 paolo
461 1932 545 2027 sum
578 1941 715 2051 majore
736 1945 882 2055 fracia
905 1944 1028 2053 stmul
1058 1960 1097 2023 et
1125 1942 1326 2057 uoluptate

328 2098 695 2215 utraquelegentur.
743 2084 1325 2206 Unoenimoculorum'conjeiiu',

310 2256 418 2375 ⁴quid
431 2276 550 2366 egoet
563 2258 624 2341 ille
635 2256 934 2369 praestiterimus,
965 2254 1119 2338 videbis.
1158 2255 1226 2364 Est
1239 2285 1316 2339 ou-

329 2429 403 2496 tem
423 2412 571 2510 Suidos,
586 2420 631 2526 ſs
647 2415 729 2528 quis
747 2416 858 2509 alius,
889 2429 999 2495 caute
1016 2429 1057 2494 et
1080 2442 1164 2496 cum
1178 2412 1326 2524 judicio

242 2639 244 2644 .
329 2570 567 2668 traiiandus,
596 2590 634 2658 et
647 2567 794 2660 minime
812 2571 954 2682 quidem
959 2570 1236 2686 sollicitandus,
1257 2544 1344 2682 ηἰβ

328 2731 444 2812 Iocum
464 2731 667 2827 inueneris,
695 2731 750 2819 ad
772 2760 876 2843 quem
901 2731 1119 2842 respexerit.
1170 2731 1324 2841 Corssat
1423 2841 1425 2853 Ι

329 2887 439 3013 enim,
480 2905 524 2972 ut
557 2888 776 3002 plurimum,
815 2919 861 2970 ex
882 2889 1039 3000 scholiis
1074 2906 1114 3008 et
1150 2907 1325 2974 veterum

315 3045 550 3156 scriptorum
572 3046 827 3160 fragmentis,
858 3045 1061 3156 praeclaris
1089 3045 1233 3156 quidem
1260 3047 1320 3144 iis,

331 3201 419 3282 hinc
447 3199 530 3284 inde
557 3205 713 3318 corrafis
740 3221 778 3288 et
806 3202 1030 3315 convasatis,
1069 3231 1152 3312 quoe
1179 3203 1250 3311 rapi
1282 3204 1323 3291 in

325 3373 505 3470 promptu
523 3357 671 3454 habeas,
702 3359 800 3470 quod
813 3388 884 3441 nou
903 3357 1066 3477 assessoris
1084 3358 1146 3468 est,
1176 3387 1242 3447 uec
1249 3377 1323 3476 pro

331 3513 495 3626 cujusvis
512 3517 599 3612 otio,
614 3515 773 3626 fristra
793 3517 953 3629 equidem
971 3536 1099 3600 etvnon
1111 3517 1199 3624 stne
1214 3517 1321 3630 peri·

331 3672 411 3755 culo
429 3670 484 3753 ad
497 3670 639 3782 ingenii
653 3673 758 3755 vires
775 3675 998 3786 corffugeris.
1049 3673 1160 3784 Quod
1165 3676 1211 3783 st
1225 3705 1321 3758 noua

332 3826 462 3910 Editio
484 3829 594 3938 hujeu
607 3811 813 3943 scriptoris
824 3851 1070 3946 procuretur,
1092 3828 1217 3944 (quod
1238 3833 1320 3945 qui·

333 3984 411 4068 dem
438 3986 544 4075 houd
552 3991 809 4106 speraverim,
838 3991 906 4106 sia
926 3972 1141 4113 prasertim
1168 3995 1317 4108 tempes-

698 4163 700 4170 ’
1173 4251 1178 4258 ,
1229 4168 1318 4252 tote,
