2875 4925
301 308 349 415 iv
501 302 540 405 P
572 312 618 405 R
645 313 703 447 ᾧ
741 312 849 413 FA
874 308 922 407 T
956 314 980 406 Ι
1014 316 1077 412 0.

299 504 615 627 confirmabat,
649 502 719 604 vel
740 504 948 639 augebat.
1009 514 1169 646 Itaque
1190 533 1289 618 tam

297 672 434 813 ipfius
456 672 672 771 Authoris
695 669 935 793 Voluntas,
974 702 1021 771 et
1045 680 1170 773 Cura
1192 679 1288 813 ejus

143 832 144 841 ‘
177 831 180 847 ’
274 846 346 945 'in
369 835 601 949 nonnulii
631 833 703 947 vel
733 836 1007 967 ,corrigendis
1036 838 1107 943 vel
1128 838 1288 973 adjici-

292 1002 435 1121 endis,
474 1035 613 1137 quam
637 1003 797 1099 Primae
819 1003 970 1098 Partis·
983 1006 1152 1124 raritas,
1181 1038 1286 1137 quae

290 1165 417 1304 apud
441 1161 711 1297 Bibliopolas
738 1166 816 1261 vix
840 1165 1163 1286 inveniebatur,
1194 1204 1282 1265 no-

290 1363 397 1429 vam
437 1328 698 1429 Editionem
735 1325 986 1461 efflagitare
1031 1329 1282 1433 videbatur.

211 1566 213 1571 .
290 1494 434 1631 Qrod
454 1491 513 1591 ad
535 1490 654 1593 hanc
677 1489 976 1590 ordinandam
998 1492 1184 1627 speetat,
1212 1496 1283 1595 sa·

286 1664 378 1759 tius
415 1655 563 1755 fuiffet
612 1652 790 1753 fortaffe
835 1680 966 1753 notas
1013 1660 1281 1791 marginales

172 1842 174 1849 ‘
284 1818 687 1959 operirntexuiffe,
723 1844 771 1916 et
799 1842 950 1917 totum
975 1820 1279 1924 Emendatio-

283 2023 400 2090 num
424 2020 587 2120 corpus
609 1988 658 2085 in
682 2014 825 2080 unam
849 1983 1004 2081 seriem
1025 1980 1163 2119 juxta
1187 1986 1277 2087 Al-

281 2152 467 2290 phabeti
483 2150 692 2248 ordinem
709 2146 867 2243 denuo
883 2146 1092 2280 redegisse
1104 2187 1119 2269 3
1145 2151 1277 2285 quod

280 2342 437 2417 tamen
458 2346 567 2413 cum
585 2307 683 2407 fieri
709 2344 802 2407 non
826 2314 990 2443 pontit,
1026 2312 1118 2411 nisi
1132 2311 1276 2413 refin-
1427 2425 1428 2428 w

278 2494 493 2618 gerentur
526 2475 752 2574 stotentiae
780 2470 1009 2607 quadarn,
1050 2501 1096 2574 et
1125 2475 1275 2596 sonna

277 2649 424 2782 operis
447 2647 497 2741 in
522 2637 749 2778 nonnuliis
773 2641 1080 2758 innovaretur,
1111 2643 1272 2778 religio

275 2837 372 2910 erat
394 2803 603 2906 Authore
630 2803 732 2938 jam
763 2798 978 2901 defuneto
1006 2804 1272 2938 perturbare

274 2971 347 3072 vel
390 2974 636 3070 immutare
672 3001 777 3102 quae
818 2963 915 3102 ipse
952 2967 1263 3102 proposuerat.

270 3135 531 3245 Maluimus
560 3154 740 3230 textum
764 3130 827 3228 ad
854 3123 1009 3264 prioris
1043 3130 1269 3231 Editionio

270 3295 470 3399 formam
514 3300 563 3396 in
602 3293 819 3394 omnibus
857 3289 1088 3416 recudere,
1135 3321 1272 3414 notan

269 3488 425 3562 autem
447 3493 559 3593 quar
579 3458 779 3557 diximus
804 3453 1002 3594 singulas
1024 3461 1110 3558 suis
1130 3465 1264 3595 pogi-

267 3627 338 3730 nis
380 3621 614 3758 subjicere,
666 3623 844 3721 servatio
891 3625 1030 3722 etiam
1076 3628 1134 3724 in
1173 3623 1274 3741 illir

161 3839 168 3848 ·
266 3793 539 3924 (quantum
557 3782 660 3884 fieri
696 3788 850 3920 potuit
880 3789 931 3885 in
970 3790 1100 3886 rebus
1127 3823 1259 3905 conr·¹
1417 3820 1418 3895 ξ

266 3949 478 4086 pendiose
501 3947 695 4086 seriptis)
718 3943 854 4086 ipfiur
874 3955 922 4052 T
926 3985 1063 4064 nuru
1094 3949 1257 4052 verbio.

387 4170 390 4182 ¹
1176 4137 1260 4236 Dr
