2875 4925
299 338 878 481 ran'rnrro.
1024 379 1114 481 va·

91 582 388 707 nino,aliaex
403 604 529 718 parte
540 596 976 715 preoccupaverant,
985 601 1089 680 tum

92 750 249 853 Editio
272 748 529 864 Albertina,
565 772 621 843 nt
647 742 862 863 diximus,
899 740 1089 842 tumsui
1143 809 1179 873 .·
1239 784 1243 789 ’
1329 784 1335 803 ·

92 910 231 1047 ipsius
250 936 297 1011 et
321 910 514 1009 aliorum
540 912 591 1007 in
612 906 764 1005 lucem
796 904 962 1003 emifl'ae
982 910 1090 1006 Cri·-

91 1080 191 1177 time
214 1074 589 1175 Lucubrationes.
624 1068 769 1169 Haud
790 1067 987 1166 dubium
1005 1064 1088 1193 est,

92 1241 211 1372 quin
241 1237 336 1373 ipse
360 1234 546 1335 Autbor
579 1259 734 1333 totum
767 1228 1116 1333 reformaturus·

90 1398 246 1522 fuerit,
269 1395 418 1499 recisis
433 1398 802 1535 quamplurimis,
823 1398 1089 1535 priusquam

94 1562 213 1661 illud
236 1568 356 1697 typis
375 1560 680 1665 commisrffet.
723 1566 875 1663 Nobis
900 1568 951 1663 in
975 1563 1089 1693 alie-
1129 1640 1136 1651 .

93 1760 156 1822 no
177 1760 319 1859 opere
339 1724 463 1825 idem
485 1761 580 1826 non
607 1726 754 1825 licuit.
808 1729 1089 1858 Verebamur

93 1886 210 2014 illud
228 1886 307 1987 alii
329 1886 645 2023 refingendum
669 1891 860 2011 tradere,
896 1929 957 1992 ne
972 1891 1089 2028 forte
1199 1898 1202 1904 ’

94 2052 221 2151 sensu
260 2054 480 2153 Authoris
527 2088 690 2188 parum
729 2054 975 2175 intellefito,
1016 2054 1089 2153 vel
1207 2148 1210 2158 .

97 2222 366 2317 Tourrnua
391 2221 706 2315 omitterentur
736 2240 818 2314 aut
841 2216 1089 2351 detorque-

97 2406 269 2502 rentur,
296 2380 365 2480 vel
388 2380 535 2480 aliena
557 2416 642 2517 pro
668 2386 952 2480 Tourrrrrrs
977 2406 1089 2480 ven-

97 2546 361 2646 ditarentur.
410 2546 566 2646 Multo
598 2545 750 2644 minus
789 2567 944 2642 totum
973 2575 1097 2677 opur

94 2708 389 2845 rejiciendum
421 2707 509 2807 effe
541 2689 886 2826 arbitrabamur,
921 2707 1090 2840 inquo
1241 2753 1245 2760 ’

95 2895 216 2973 certe
232 2909 329 2974 non
345 2872 505 2973 desunt
517 2905 618 3008 quae
634 2872 692 2970 ab
708 2871 806 2968 aliis
822 2873 989 2970 intaeta
1004 2868 1095 3005 pro¹

96 3036 230 3137 solito
250 3037 332 3138 suo
364 3039 575 3138 acumine
597 3059 644 3132 et
668 3039 932 3135 Graecarum
959 3038 1087 3134 Lite-

96 3235 252 3302 rarum
282 3203 442 3336 peritia
468 3202 544 3301 Cl.
577 3197 764 3300 Author
796 3195 1091 3330 investigave-

95 3365 165 3462 rit.
229 3369 334 3462 Nec
367 3397 474 3464 vero
513 3360 646 3462 facile
681 3359 926 3462 resecanda
962 3383 1092 3462 erant

98 3553 244 3660 parter
260 3527 320 3626 ab
343 3525 439 3628 aliis
459 3551 803 3664 preoccupatae,
840 3560 943 3659 que
970 3559 1092 3624 non·

97 3723 337 3825 nunquam
367 3727 396 3791 a
423 3689 505 3792 suo
536 3690 643 3836 loen
665 3726 786 3824 aegre
809 3687 972 3805 divelli„
985 3685 1092 3824 pos-

98 3849 200 3956 sunt
249 3853 366 3956 salva
413 3857 559 3991 operis
608 3857 890 3988 integritate,
938 3879 1126 3985 neque:
1311 3840 1316 3850 ’

98 4015 273 4148 prorsus
297 4017 382 4120 usu
407 4044 595 4142 carent;
641 4054 753 4118 cum
791 4018 960 4152 partim
988 4045 1095 4149 quae
1123 4088 1129 4106 ·

100 4179 157 4280 ab
178 4177 551 4322 aliiaexcogitata
567 4183 671 4288 sunt
691 4177 1093 4286 confirmationem
1119 4281 1122 4286 ,

855 4342 1091 4482 quandam
1287 4385 1306 4464 ,·
1414 4360 1421 4450 ἒ
