2875 4925
317 450 371 540 70
488 425 1121 521 omnunnrtonns
1165 440 1173 562 j

176 628 286 695 PARS
478 649 698 671 ---—··
722 611 774 691 Ut
791 612 874 721 igne
890 632 1011 695 autem
1122 674 1130 685 -

175 716 284 865 ἐν’-,Ι
400 724 559 845 Tegebot
572 742 730 849 puellam
744 742 839 823 laeno
853 744 1007 853 simplex
1019 744 1210 855 expotfit.'

314 912 377 993 Sic
391 914 494 1019 ussu
505 915 611 1021 t‘gnea
625 917 725 1025 apud
739 923 935 1001 authorem
953 920 1146 1029 Pervigilii
1165 920 1306 999 Vene-

310 1066 360 1118 ns
379 1066 453 1118 ver.
476 1065 539 1147 25.

370 1174 467 1281 Cras
484 1201 650 1282 ruborem
665 1204 731 1312 qui
732 1204 886 1311 jacebat
904 1206 996 1317 veste
1014 1209 1129 1287 tebius
1142 1205 1265 1314 t'gneo.

311 1372 394 1455 Ubi
414 1402 524 1485 agere
540 1377 690 1460 videtur
708 1381 757 1461 de
770 1380 864 1463 flore
879 1385 981 1463 rosae.
1020 1382 1094 1463 Sed
1111 1380 1176 1461 hic
1195 1380 1302 1461 illud

311 1503 396 1619 mogi
417 1503 493 1583 hoc
522 1504 739 1587 infortunio
768 1510 970 1619 premitur,
996 1510 1100 1619 quod
1124 1510 1302 1619 primam

310 1634 458 1739 semper
485 1632 676 1741 corripiat.
710 1636 846 1743 'Qod
873 1657 1008 1717 contra
1031 1654 1199 1715 mettum
1224 1634 1302 1713 est.

310 1754 396 1837 Nos
417 1774 546 1838 autem
565 1784 692 1839 veram
715 1758 921 1844 lectionem
940 1763 1265 1872 excogitavimus:

422 1962 752 1989 ........--
763 1921 837 2007 oto
856 1926 899 2007 Δ’
919 1924 991 2006 nn'
1007 1924 1122 2005 nnn*

420 2088 696 2117 ----
710 2052 817 2135 Velut
833 2083 948 2137 verno
965 2073 1130 2165 tempore·

310 2222 467 2335 Nempe
486 2230 626 2337 puella,
648 2212 732 2335 jam
750 2230 913 2337 spirante
937 2228 1120 2324 Favonio,
1148 2225 1298 2309 vestem

311 2356 524 2435 tenuiorem
537 2384 605 2464 pro
617 2382 726 2437 more
736 2356 946 2469 indueram,
985 2352 1300 2437 EcontraRhe-

250 2483 256 2491 ”
310 2478 371 2594 sup
387 2484 499 2598 ‚apud
526 2485 767 2595 Euripidem,
792 2504 929 2596 utpote
946 2486 1052 2593 Jovis
1071 2483 1203 2593 frigidi
1220 2503 1316 2592 pat-²

349 2833 365 2865 ¹¹
389 2827 571 2888 Miscellanea
590 2829 742 2910 Lipsienfia
760 2829 838 2890 Nov.
856 2829 945 2888 Tom.
959 2827 999 2887 ix.
1021 2847 1052 2908 p.
1065 2827 1136 2905 691.
1152 2823 1292 2884 emenda-

309 2925 416 2989 tionem
427 2925 626 2989 Salmafianam
634 2929 772 3008 probant3
788 2942 818 2986 at
826 2928 925 2988 rettius
935 2927 983 2986 cl.
994 2924 1102 2994 Brunk,
1111 2923 1161 3004 qui
1170 2925 1293 2984 nostram

310 3021 392 3082 valde
406 3023 567 3083 confirmat:
582 3023 658 3084 Vide
672 3025 800 3085 Analett.
813 3025 901 3084 Tom.
918 3023 960 3082 iii.
974 3043 1005 3104 p.
1020 3041 1088 3099 ²40·
1103 3019 1153 3080 obi
1164 3019 1200 3078 ad
1214 3019 1294 3080 hunc

307 3119 401 3182 locum
420 3122 464 3182 vir
481 3120 663 3186 dottiffimus:
686 3132 709 3160 “
725 3121 860 3184 salmafio
877 3123 908 3183 in
926 3135 1051 3182 mentem
1069 3133 1187 3182 venerat
1202 3119 1246 3187 oio
1263 3117 1293 3178 ’b

309 3227 332 3253 “
347 3222 454 3300 οὖρος,
475 3219 551 3299 quod
567 3199 668 3284 merito
687 3219 813 3300 explodit
829 3219 954 3282 Dorvill.
977 3217 1014 3278 ad
1035 3218 1147 3283 Charit:
1167 3238 1201 3296 p.
1218 3235 1289 3278 ιοι.

309 3325 333 3352 “
349 3317 415 3376 licet
429 3338 485 3378 non
502 3318 592 3380 multo
611 3317 711 3380 melius
731 3319 775 3389 fit,
796 3317 871 3397 quod
884 3315 940 3396 ipse
952 3315 1057 3384 suadet,
1080 3313 1156 3396 ripa.
1189 3313 1223 3372 In
1236 3331 1290 3376 ve·

309 3421 334 3449 “
348 3414 402 3474 teri
415 3413 512 3474 codice
526 3413 657 3492 seriptum
671 3429 744 3482 erat,
766 3433 817 3492 pro
831 3434 865 3474 eo
883 3414 933 3492 qui
945 3413 1014 3472 olim
1032 3411 1181 3471 obtinebat
1197 3429 1290 3478 more,

308 3519 332 3546 “
345 3511 507 3572 indiffinetio
523 3511 640 3575 vocibus
659 3525 858 3581 onomaton,
883 3510 955 3570 unde
974 3510 1125 3572 Librariuo
1142 3507 1292 3588 imperitos

307 3617 330 3644 “
347 3609 415 3668 fecit
424 3609 467 3668 oia
480 3609 504 3668 di
518 3609 589 3690 roei,
610 3623 634 3669 tt
644 3611 674 3670 in
686 3621 707 3670 'r
722 3625 842 3679 mutato,
864 3609 939 3689 quod
953 3609 1057 3668 millies
1070 3609 1185 3666 fanum.
1213 3605 1290 3666 Hac

301 3715 324 3742 ‘⁴
340 3707 505 3788 corruptela
526 3706 607 3785 origo
627 3706 801 3788 probabilior
819 3708 857 3766 est
878 3704 1000 3766 Piersoni
1019 3703 1176 3785 hypothesi,
1196 3721 1285 3783 quem

189 3877 203 3890 Ν
303 3811 327 3839 “
342 3801 408 3862 vide
422 3803 459 3862 ad
473 3803 591 3877 Morio.
606 3825 636 3883 p.
654 3805 728 3881 87.'’

345 3911 365 3976 †
388 3901 544 3980 Xenophon
560 3901 616 3960 Gr.
627 3899 699 3960 Hist.
716 3921 747 3979 p.
762 3901 830 3981 526.
844 3901 923 3961 Edit.
938 3901 1096 3960 Francfort.
1113 3899 1202 3979 1596.
1232 3898 1290 3968 Καὶ

303 3996 486 4064 {tacebimus
499 3997 524 4058 b
538 4001 645 4077 ἔχοντις,
666 4011 725 4059 ont
739 4011 787 4058 ΔΗ
798 4009 940 4066 etpost,
961 4001 1113 4081 παρίω-
1120 3999 1157 4057 Et
1170 3999 1294 4075 Longus

303 4117 333 4176 p.
345 4117 394 4178 25.
412 4096 492 4158 Edit.
504 4097 546 4157 D'
559 4097 642 4156 Anffe
656 4095 692 4154 de
703 4095 859 4156 Villoison:
880 4094 911 4160 ‘o
923 4095 946 4168 di
957 4099 1293 4173 Adpone-mrsu·

302 4205 370 4260 Not:
381 4193 412 4264 ὅς
425 4195 462 4258 i'tt
472 4199 515 4264 tie
528 4192 589 4278 cipue
603 4191 674 4260 οὔσης
688 4197 829 4272 uoeo'paror.

1175 4288 1292 4383 tiens,
